@INPROCEEDINGS{icorr,
author={Zbytniewska, Monika and Rinderknecht, MikD. and Lambercy, Olivier and Barnobi, Marco and Raats, Joke and Lamers, Ilse and Feys, Peter and Liepert, Joachim and Gassert, Roger},
booktitle={2019 IEEE 16th International Conferencon Rehabilitation Robotics (ICORR)}, 
title={Design and Characterization of a RobotiDevice for the Assessment of Hand Proprioceptive Motor, and Sensorimotor Impairments}, 
year={2019},
volume={},
number={},
pages={441-446},
doi={10.1109/ICORR.2019.8779507}}

  
@INPROCEEDINGS{metzger,
author={Metzger, Jean-Claude and Lambercy, Olivier and Gassert, Roger},
booktitle={2015 IEEE International ConferenceonRehabilitation Robotics (ICORR)}, 
title={Performance comparison of interaction control strategies on a hand rehabilitation robot}, 
year={2015},
volume={},
number={},
pages={846-851},
doi={10.1109/ICORR.2015.7281308}}

@MastersThesis{marc,
author = {Marc Siegenthaler},
title = {Interaction Control Strategies and Sensorimotor Task Design for the Assessment Robot ETH MIKE},
school = {ETH Zürich},
year = {2020},
type = {Master's Thesis}
}

@MastersThesis{julian,
author = {Julian Moosmann},
title = {Electronics redesign for the robotics assessment & therapy platform ETH MIKE},
school = {ETH Zürich},
year = {2021},
type = {Semester-Thesis}
}
